<record><leader>00000cas a22000007a 4500</leader><controlfield tag="001">2269362</controlfield><controlfield tag="008">760620d18971967paudn ne      0    0eng d</controlfield><datafield ind1=" " ind2=" " tag="010"><subfield code="a">sn 84026656 </subfield></datafield><datafield ind1=" " ind2=" " tag="040"><subfield code="a">PIT</subfield><subfield code="b">eng</subfield><subfield code="c">PIT</subfield><subfield code="d">NPU</subfield><subfield code="d">NPY</subfield><subfield code="d">NPH</subfield><subfield code="d">NSD</subfield><subfield code="d">NPH</subfield><subfield code="d">DLC</subfield><subfield code="d">NPH</subfield><subfield code="d">DLC</subfield></datafield><datafield ind1=" " ind2=" " tag="042"><subfield code="a">msc</subfield></datafield><datafield ind1="0" ind2="0" tag="050"><subfield code="a">Newspaper 9626</subfield></datafield><datafield ind1="0" ind2=" " tag="130"><subfield code="a">Washington reporter (Washington, Washington County, Pa. : Daily)</subfield></datafield><datafield ind1="0" ind2="0" tag="245"><subfield code="a">Washington reporter.</subfield></datafield><datafield ind1="0" ind2="7" tag="246"><subfield code="a">Washington, Penn'a, daily reporter</subfield><subfield code="f">&lt;1910&gt;</subfield></datafield><datafield ind1=" " ind2=" " tag="260"><subfield code="a">Washington, Pa. :</subfield><subfield code="b">Christman Pub. Co.,</subfield><subfield code="c">1897-1967.</subfield></datafield><datafield ind1=" " ind2=" " tag="300"><subfield code="a">v. :</subfield><subfield code="b">ill. ;</subfield><subfield code="c">56-59 cm.</subfield></datafield><datafield ind1=" " ind2=" " tag="310"><subfield code="a">Daily (except Sun.)</subfield></datafield><datafield ind1="0" ind2=" " tag="362"><subfield code="a">No. 6539 (June 28, 1897)-   ;   -159th yr., no. 28105 (Apr. 29, 1967).</subfield></datafield><datafield ind1=" " ind2=" " tag="500"><subfield code="a">Aug. 15, 1958 called also Sesquicentennial edition.</subfield></datafield><datafield ind1=" " ind2=" " tag="752"><subfield code="a">United States</subfield><subfield code="b">Pennsylvania</subfield><subfield code="c">Washington</subfield><subfield code="d">Washington.</subfield></datafield><datafield ind1="0" ind2="0" tag="780"><subfield code="t">Washington daily reporter</subfield><subfield code="w">(DLC)sn 86083382</subfield></datafield><datafield ind1="0" ind2="7" tag="785"><subfield code="t">Washington observer (Washington, Washington County, Pa. : Daily)</subfield><subfield code="w">(DLC)sn 85038453</subfield></datafield><datafield ind1="0" ind2="7" tag="785"><subfield code="t">Observer-reporter</subfield><subfield code="x">0891-0693</subfield><subfield code="w">(DLC)sn 8602954</subfield></datafield><datafield ind1="1" ind2=" " tag="029"><subfield code="a">AU@</subfield><subfield code="b">000025785695</subfield></datafield></record>